@article{author2019,
  title = {Article title},
  author = {Surname, Firstname},
  journal = {Journal Name},
  year = {2019},
  volume = {12},
  number = {1},
  pages = {12--25}
}